@online{howtopdfa,
title = {How to create a PDF/A file with LATEX},
author = {Jarmo Niemelä},
url = {https://webpages.tuni.fi/latex/pdfa-guide.pdf},
urldate = {2021-05-12}
}

@online{Islovar,
title={Islovar},
author={Slovensko društvo Informatika},
url = {http://www.islovar.org/islovar/islovar},
urldate = {2021-06-10}
}

@online{sdrv,
title={Slovar, Razpoznavanje vzorcev},
author={Slovensko društvo za razpoznavanje vzorcev},
url = {https://slovar.vicos.si},
urldate = {2021-06-10}
}

@online{fran,
title={Slovarji Inštituta za slovenski jezik Frana Ramovša ZRC SAZU},
author={ZRC SAZU},
url = {https://fran.si},
urldate = {2022-062-14}
}